@book{klinkrad,
  title={Space Debris, Models and Risk Analysis},
  author={Klinkrad, Heiner},
  year={2006},
  publisher={Springer-Verlag Berlin Heidelberg}
}

@book{numerical_recipes,
  title={Numerical Recipes in C++: The Art of Scientific Computing},
  author={William H. Press and Saul A. Teukolsky and William T. Vetterling and Brian P. Flannery},
  year={2007},
  publisher={Cambridge University Press New York, NY, USA}
}

@article{silhaetal,
  title = {Slovakian Optical Sensor for HAMR Objects Cataloguing and Research},
  author={J. Šilha at. al.},
  year={2019},
  journal={ESA Space Safety Programme Office},
  volume={1},
  editor={T. Flohrer, R. Jehn, F. Schmitz}
}
@misc{esa_debris_numbers,
  title = {Space debris by the numbers},
  howpublished = {\url{https://www.esa.int/Our_Activities/Operations/Space_Safety_Security/Space_Debris/Space_debris_by_the_numbers}},
  note = {Accessed: 2019-02-30}
}

@misc{esa_about_space_debris,
  title = {About space debris},
  howpublished = {\url{http://www.esa.int/Our_Activities/Operations/Space_Safety_Security/Space_Debris/About_space_debris}},
  note = {Accessed: 2019-02-30}
}
@misc{fmpi_cu,
  title = {Space Debris},
  howpublished = {\url{https://fmph.uniba.sk/microsites/daa/daa/veda-a-vyskum/kozmicke-smetie/}},
  note = {Accessed: 2019-05-10}
}
@article{agapov,
  title = {Survey and follow-up strategies used in operation of ASPOS OKP to gather observation data on GEO, HEO and MEO objects},
  author={Vladimir Agapov,Alexander Lapshin},
  publisher={ESA Space Safety Programme Office},
  year={2019}
}

@article{lambert,
  title = {Fengyun-1C Debris Cloud Evolution Over One Decade},
  author={John V. Lambert, PhD},
  publisher={The Advanced Maui Optical and Space Surveillance Technologies Conference},
  year={2018}
}

@article{kepler,
  title =   {Kepler's Laws of planetary motions},
  author=   {Johannes Kepler},
  year=     {1619}
}

@article{kessler,
    author = {J Kessler, Donald and L Johnson, Nicholas and Liou, J.-C and Matney, Mark},
    year = {2010},
    month = {01},
    pages = {},
    title = {The Kessler Syndrome: Implications to Future Space operations},
    volume = {137},
    journal = {Advances in the Astronautical Sciences}
}

@article{fits,
    title={FITS - a Flexible Image Transport System},
    author ={Wells D. C. and Greisen and E. W. and Harten and R. H.},
    journal ={Astronomy and Astrophysics Supplement, Vol. 44, P. 363, 1981},
    year={1981}
}

@article{watson1967,
    author = "Watson, Geoffrey S.",
    doi = "10.1214/aoms/1177698603",
    fjournal = "The Annals of Mathematical Statistics",
    journal = "Ann. Math. Statist.",
    month = "12",
    number = "6",
    pages = "1679--1699",
    publisher = "The Institute of Mathematical Statistics",
    title = "Linear Least Squares Regression",
    url = "https://doi.org/10.1214/aoms/1177698603",
    volume = "38",
    year = "1967"
}

@article{median_filtering,
    author = {Schildknecht, T and Hugentobler, U and Verdun, Andreas},
    year = {1995},
    month = {12},
    pages = {47-50},
    title = {Algorithms for ground based optical detection of space debris},
    volume = {16},
    journal = {Advances in Space Research - ADV SPACE RES},
    doi = {10.1016/0273-1177(95)98752-A}
}

@misc{nasa_barycenter,
  title = {Barycenter},
  howpublished = {\url{https://spaceplace.nasa.gov/barycenter/en/}},
  note = {Accessed: 2019-05-21}
}

@article{sobel,
    author = {Sobel, Irwin},
    year = {2014},
    month = {02},
    pages = {},
    title = {An Isotropic 3x3 Image Gradient Operator},
    journal = {Presentation at Stanford A.I. Project 1968}
}

@article{kouprianov,
    author = {Kouprianov, Vladimir},
    year = {2008},
    month = {12},
    pages = {},
    title = {Distinguishing features of CCD astrometry of faint GEO objects},
    volume = {41},
    journal = {Advances in Space Research},
    doi = {10.1016/j.asr.2007.04.033}
}

@article{veres,
    author = {Vereš, Peter and Jedicke, Robert and Denneau, Larry and Wainscoat, Richard and J. Holman, Matthew and Lin, Hsing-Wen},
    year = {2012},
    month = {09},
    pages = {},
    title = {Improved Asteroid Astrometry and Photometry with Trail Fitting},
    volume = {124},
    journal = {Publications of the Astronomical Society of the Pacific},
    doi = {10.1086/668616}
}
@article{wang,
    author = {Haiyong Wang and Ershuai Xu and Zhifeng Li and Jingjin Li and Tianmu Qin},
    title = "{Gaussian Analytic Centroiding method of star image of star tracker}",
    journal = {Advances in Space Research},
    keywords = {Gaussian distribution, Star tracker, PSF, Analytic formula, Centroiding},
    year = {2015},
}

@article{snr,
    author = {Raab, Herbert},
    year = {2002},
    month = {01},
    pages = {},
    title = {Detecting and measuring faint point sources with a CCD}
}
@article{stovaken,
   author = {{St{\"o}veken}, E. and {Schildknecht}, T.},
    title = "{Algorithms for the Optical Detection of Space Debris Objects}",
booktitle = {4th European Conference on Space Debris},
     year = {2005},
   series = {ESA Special Publication},
   volume = {587},
   editor = {{Danesy}, D.},
    month = {aug},
    pages = {637}
}
@article{flewelling,
   author = {{Flewelling}, B.},
    title = "{Computer Vision Techniques Applied to Space Object Detect, Track, ID, Characterize}",
booktitle = {Advanced Maui Optical and Space Surveillance Technologies Conference},
     year = {2014},
    month = {sep},
      eid = {E69},
    pages = {E69}
}
@article{lavmar,
  title={The Levenberg-Marquardt method for nonlinear least squares curve-fitting problems c ©},
  author={Henri P. Gavin},
  year={2013}
}
@article{trf,
author = {Yuan, Ya-xiang},
year = {1999},
month = {09},
pages = {},
title = {A Review of Trust Region Algorithms for Optimization},
journal = {ICM99: Proceedings of the Fourth International Congress on Industrial and Applied Mathematics}
}
